/home/spock/HIG/DVG001_Linux-n√§tverk/lab/refs-common.bib